<record xmlns="http://www.loc.gov/MARC21/slim" xmlns:xsi="http://www.w3.org/2001/XMLSchema-instance" xsi:schemaLocation="http://www.loc.gov/MARC21/slim http://www.loc.gov/standards/marcxml/schema/MARC21slim.xsd"><leader>     nam a22        4500</leader><controlfield tag="001">3068179</controlfield><controlfield tag="003">NNC</controlfield><controlfield tag="006">m        d        </controlfield><controlfield tag="007">cr cn |||m|||a</controlfield><controlfield tag="008">150313s1935    ir      o     000 0 ara d</controlfield><datafield ind1=" " ind2=" " tag="040"><subfield code="a">NNU</subfield><subfield code="b">eng</subfield><subfield code="c">NNU</subfield></datafield><datafield ind1="1" ind2=" " tag="041"><subfield code="h">per</subfield><subfield code="h">fre</subfield></datafield><datafield ind1="0" ind2=" " tag="100"><subfield code="a">&#699;Ali&#772; ibn Abi&#772; T&#803;a&#772;lib,</subfield><subfield code="c">Caliph,</subfield><subfield code="d">approximately 600-661.</subfield></datafield><datafield ind1="1" ind2="0" tag="245"><subfield code="a">Kalima&#772;t-i qis&#803;a&#772;r</subfield><subfield code="h">[electronic resource] :</subfield><subfield code="b">= Maximes d'&#699;Ali /</subfield><subfield code="c">Tarjumah bih Fa&#772;rsi&#772; va Fara&#772;nsah. Nigarish-i A. &#699;A. Sipihr (Muvarrikh al-Dawlah).</subfield></datafield><datafield ind1="3" ind2="0" tag="246"><subfield code="a">Maximes d'&#699;Ali</subfield></datafield><datafield ind1=" " ind2=" " tag="250"><subfield code="a">Cha&#772;p-i 2.</subfield></datafield><datafield ind1=" " ind2=" " tag="260"><subfield code="a">[Tihra&#772;n,</subfield><subfield code="b">Mu&#697;assasah-i Kha&#772;var,</subfield><subfield code="c">1314, 1935]</subfield></datafield><datafield ind1=" " ind2=" " tag="300"><subfield code="a">online resource (8, 134 p.)</subfield></datafield><datafield ind1=" " ind2=" " tag="500"><subfield code="a">Part of the Arabic Collections Online (ACO) project, contributed by Columbia University Libraries.</subfield></datafield><datafield ind1=" " ind2=" " tag="533"><subfield code="a">Electronic reproduction.</subfield><subfield code="b">New York, N.Y. :</subfield><subfield code="c">New York University,</subfield><subfield code="d">2015.</subfield><subfield code="5">NNU</subfield></datafield><datafield ind1="0" ind2="0" tag="600"><subfield code="a">&#699;Ali&#772; ibn Abi&#772; T&#803;a&#772;lib,</subfield><subfield code="c">Caliph,</subfield><subfield code="d">approximately 600-661</subfield><subfield code="v">Quotations.</subfield></datafield><datafield ind1="0" ind2="7" tag="600"><subfield code="a">&#699;Ali&#772; ibn Abi&#772; T&#803;a&#772;lib,</subfield><subfield code="c">Caliph,</subfield><subfield code="d">approximately 600-661.</subfield><subfield code="2">fast</subfield><subfield code="0">(OCoLC)fst01804105</subfield></datafield><datafield ind1=" " ind2="7" tag="655"><subfield code="a">Quotations.</subfield><subfield code="2">fast</subfield><subfield code="0">(OCoLC)fst01423792</subfield></datafield><datafield ind1="1" ind2=" " tag="700"><subfield code="a">Muvarrikh al-Dawlah Sipihr.</subfield></datafield><datafield ind1="2" ind2=" " tag="710"><subfield code="a">Columbia University.</subfield><subfield code="b">Libraries.</subfield></datafield><datafield ind1="0" ind2=" " tag="730"><subfield code="a">Arabic Collections Online.</subfield></datafield><datafield ind1="0" ind2="8" tag="776"><subfield code="i">Print version:</subfield><subfield code="a">&#699;Ali&#772; ibn Abi&#772; T&#803;a&#772;lib, Caliph, approximately 600-661.</subfield><subfield code="t">Kalima&#772;t-i qis&#803;a&#772;r</subfield><subfield code="w">(NNC)3068179</subfield><subfield code="w">(OCoLC)79416191</subfield></datafield><datafield ind1="4" ind2="0" tag="856"><subfield code="u">http://hdl.handle.net/2333.1/s4mw6ps7</subfield></datafield><datafield ind1=" " ind2=" " tag="959"><subfield code="a">NNU</subfield><subfield code="b">WEB</subfield><subfield code="c">GENI</subfield><subfield code="t">0</subfield><subfield code="m">Electronic access</subfield><subfield code="s">01</subfield></datafield><datafield ind1=" " ind2=" " tag="999"><subfield code="i">NNC_3068179</subfield><subfield code="o">(OCoLC)ocm79416191 </subfield><subfield code="s">columbia_aco000488</subfield><subfield code="e">(ERROR-880)</subfield></datafield></record>